PokerStars Hand #260359283524: Tournament #3989589709, $0.45+$0.05 USD Hold'em No Limit - Level I (10/20) - 2026/04/05 18:11:10 BRT [2026/04/05 17:11:10 ET]
Table '3989589709 1' 8-max Seat #7 is the button
Seat 1: BUTTCHIN0707 (1488 in chips) 
Seat 3: Dacisco1124 (1458 in chips) is sitting out
Seat 4: celcanto (1381 in chips) 
Seat 5: Pimpo4 (1458 in chips) 
Seat 6: scorza23 (1500 in chips) 
Seat 7: dar1us69 (1458 in chips) 
Seat 8: fabricio2204 (1496 in chips) 
BUTTCHIN0707: posts the ante 3
Dacisco1124: posts the ante 3
celcanto: posts the ante 3
Pimpo4: posts the ante 3
scorza23: posts the ante 3
dar1us69: posts the ante 3
fabricio2204: posts the ante 3
fabricio2204: posts small blind 10
BUTTCHIN0707: posts big blind 20
*** HOLE CARDS ***
Dealt to scorza23 [Jd 8d]
Dacisco1124: folds 
celcanto: folds 
Pimpo4: folds 
scorza23: raises 20 to 40
dar1us69: calls 40
fabricio2204: folds 
BUTTCHIN0707: folds 
*** FLOP *** [3c 2d 5c]
falcadecath is disconnected 
scorza23: bets 60
dar1us69: folds 
Uncalled bet (60) returned to scorza23
scorza23 collected 131 from pot
scorza23: doesn't show hand 
*** SUMMARY ***
Total pot 131 | Rake 0 
Board [3c 2d 5c]
Seat 1: BUTTCHIN0707 (big blind) folded before Flop
Seat 3: Dacisco1124 folded before Flop (didn't bet)
Seat 4: celcanto folded before Flop (didn't bet)
Seat 5: Pimpo4 folded before Flop (didn't bet)
Seat 6: scorza23 collected (131)
Seat 7: dar1us69 (button) folded on the Flop
Seat 8: fabricio2204 (small blind) folded before Flop



PokerStars Hand #260359295262: Tournament #3989589709, $0.45+$0.05 USD Hold'em No Limit - Level I (10/20) - 2026/04/05 18:11:54 BRT [2026/04/05 17:11:54 ET]
Table '3989589709 1' 8-max Seat #8 is the button
Seat 1: BUTTCHIN0707 (1465 in chips) 
Seat 2: falcadecath (1500 in chips) 
Seat 3: Dacisco1124 (1455 in chips) is sitting out
Seat 4: celcanto (1378 in chips) 
Seat 5: Pimpo4 (1455 in chips) 
Seat 6: scorza23 (1588 in chips) 
Seat 7: dar1us69 (1415 in chips) 
Seat 8: fabricio2204 (1483 in chips) 
BUTTCHIN0707: posts the ante 3
falcadecath: posts the ante 3
Dacisco1124: posts the ante 3
celcanto: posts the ante 3
Pimpo4: posts the ante 3
scorza23: posts the ante 3
dar1us69: posts the ante 3
fabricio2204: posts the ante 3
BUTTCHIN0707: posts small blind 10
falcadecath: posts big blind 20
*** HOLE CARDS ***
Dealt to scorza23 [3s 9d]
Dacisco1124: folds 
celcanto: raises 20 to 40
Pimpo4: folds 
scorza23: folds 
dar1us69: calls 40
fabricio2204: calls 40
BUTTCHIN0707: raises 160 to 200
falcadecath: folds 
celcanto: folds 
dar1us69: folds 
fabricio2204: folds 
Uncalled bet (160) returned to BUTTCHIN0707
BUTTCHIN0707 collected 204 from pot
BUTTCHIN0707: doesn't show hand 
*** SUMMARY ***
Total pot 204 | Rake 0 
Seat 1: BUTTCHIN0707 (small blind) collected (204)
Seat 2: falcadecath (big blind) folded before Flop
Seat 3: Dacisco1124 folded before Flop (didn't bet)
Seat 4: celcanto folded before Flop
Seat 5: Pimpo4 folded before Flop (didn't bet)
Seat 6: scorza23 folded before Flop (didn't bet)
Seat 7: dar1us69 folded before Flop
Seat 8: fabricio2204 (button) folded before Flop



PokerStars Hand #260359304488: Tournament #3989589709, $0.45+$0.05 USD Hold'em No Limit - Level I (10/20) - 2026/04/05 18:12:28 BRT [2026/04/05 17:12:28 ET]
Table '3989589709 1' 8-max Seat #1 is the button
Seat 1: BUTTCHIN0707 (1626 in chips) 
Seat 2: falcadecath (1477 in chips) 
Seat 3: Dacisco1124 (1452 in chips) is sitting out
Seat 4: celcanto (1335 in chips) 
Seat 5: Pimpo4 (1452 in chips) 
Seat 6: scorza23 (1585 in chips) 
Seat 7: dar1us69 (1372 in chips) 
Seat 8: fabricio2204 (1440 in chips) 
BUTTCHIN0707: posts the ante 3
falcadecath: posts the ante 3
Dacisco1124: posts the ante 3
celcanto: posts the ante 3
Pimpo4: posts the ante 3
scorza23: posts the ante 3
dar1us69: posts the ante 3
fabricio2204: posts the ante 3
falcadecath: posts small blind 10
Dacisco1124: posts big blind 20
*** HOLE CARDS ***
Dealt to scorza23 [Qs Jc]
celcanto: folds 
Pimpo4: folds 
scorza23: folds 
dar1us69: folds 
fabricio2204: raises 74 to 94
BUTTCHIN0707: folds 
falcadecath: calls 84
Dacisco1124: folds 
*** FLOP *** [9d 7d 9c]
falcadecath: checks 
fabricio2204: bets 116
falcadecath: calls 116
*** TURN *** [9d 7d 9c] [3s]
falcadecath: checks 
fabricio2204: checks 
*** RIVER *** [9d 7d 9c 3s] [Kd]
falcadecath: bets 232
fabricio2204: folds 
Uncalled bet (232) returned to falcadecath
falcadecath collected 464 from pot
falcadecath: doesn't show hand 
*** SUMMARY ***
Total pot 464 | Rake 0 
Board [9d 7d 9c 3s Kd]
Seat 1: BUTTCHIN0707 (button) folded before Flop (didn't bet)
Seat 2: falcadecath (small blind) collected (464)
Seat 3: Dacisco1124 (big blind) folded before Flop
Seat 4: celcanto folded before Flop (didn't bet)
Seat 5: Pimpo4 folded before Flop (didn't bet)
Seat 6: scorza23 folded before Flop (didn't bet)
Seat 7: dar1us69 folded before Flop (didn't bet)
Seat 8: fabricio2204 folded on the River



PokerStars Hand #260359320481: Tournament #3989589709, $0.45+$0.05 USD Hold'em No Limit - Level I (10/20) - 2026/04/05 18:13:28 BRT [2026/04/05 17:13:28 ET]
Table '3989589709 1' 8-max Seat #2 is the button
Seat 1: BUTTCHIN0707 (1623 in chips) 
Seat 2: falcadecath (1728 in chips) 
Seat 3: Dacisco1124 (1429 in chips) is sitting out
Seat 4: celcanto (1332 in chips) 
Seat 6: scorza23 (1582 in chips) 
Seat 7: dar1us69 (1369 in chips) 
Seat 8: fabricio2204 (1227 in chips) 
BUTTCHIN0707: posts the ante 3
falcadecath: posts the ante 3
Dacisco1124: posts the ante 3
celcanto: posts the ante 3
scorza23: posts the ante 3
dar1us69: posts the ante 3
fabricio2204: posts the ante 3
Dacisco1124: posts small blind 10
celcanto: posts big blind 20
*** HOLE CARDS ***
Dealt to scorza23 [5s 6c]
scorza23: folds 
dar1us69: folds 
fabricio2204: calls 20
BUTTCHIN0707: folds 
falcadecath: folds 
Dacisco1124: folds 
celcanto: checks 
*** FLOP *** [Qs 3h 6s]
celcanto: bets 20
fabricio2204: calls 20
*** TURN *** [Qs 3h 6s] [Kc]
celcanto: checks 
fabricio2204: checks 
*** RIVER *** [Qs 3h 6s Kc] [Qd]
celcanto: checks 
fabricio2204: checks 
*** SHOW DOWN ***
celcanto: shows [6d 2c] (two pair, Queens and Sixes)
fabricio2204: mucks hand 
celcanto collected 111 from pot
*** SUMMARY ***
Total pot 111 | Rake 0 
Board [Qs 3h 6s Kc Qd]
Seat 1: BUTTCHIN0707 folded before Flop (didn't bet)
Seat 2: falcadecath (button) folded before Flop (didn't bet)
Seat 3: Dacisco1124 (small blind) folded before Flop
Seat 4: celcanto (big blind) showed [6d 2c] and won (111) with two pair, Queens and Sixes
Seat 6: scorza23 folded before Flop (didn't bet)
Seat 7: dar1us69 folded before Flop (didn't bet)
Seat 8: fabricio2204 mucked [Jc 8d]



PokerStars Hand #260359331089: Tournament #3989589709, $0.45+$0.05 USD Hold'em No Limit - Level II (15/30) - 2026/04/05 18:14:07 BRT [2026/04/05 17:14:07 ET]
Table '3989589709 1' 8-max Seat #3 is the button
Seat 1: BUTTCHIN0707 (1620 in chips) 
Seat 2: falcadecath (1725 in chips) 
Seat 3: Dacisco1124 (1416 in chips) is sitting out
Seat 4: celcanto (1400 in chips) 
Seat 6: scorza23 (1579 in chips) 
Seat 7: dar1us69 (1366 in chips) 
Seat 8: fabricio2204 (1184 in chips) 
BUTTCHIN0707: posts the ante 4
falcadecath: posts the ante 4
Dacisco1124: posts the ante 4
celcanto: posts the ante 4
scorza23: posts the ante 4
dar1us69: posts the ante 4
fabricio2204: posts the ante 4
celcanto: posts small blind 15
scorza23: posts big blind 30
*** HOLE CARDS ***
Dealt to scorza23 [8s Ah]
dar1us69: folds 
fabricio2204: raises 60 to 90
BUTTCHIN0707: raises 270 to 360
falcadecath: folds 
Dacisco1124: folds 
celcanto is disconnected 
celcanto is connected 
celcanto is connected 
celcanto: folds 
scorza23: folds 
fabricio2204: calls 270
*** FLOP *** [5c 7d 3d]
fabricio2204: checks 
BUTTCHIN0707: checks 
*** TURN *** [5c 7d 3d] [Jh]
fabricio2204: checks 
BUTTCHIN0707: checks 
*** RIVER *** [5c 7d 3d Jh] [Th]
fabricio2204: checks 
BUTTCHIN0707: bets 381
fabricio2204: folds 
Uncalled bet (381) returned to BUTTCHIN0707
BUTTCHIN0707 collected 793 from pot
BUTTCHIN0707: doesn't show hand 
*** SUMMARY ***
Total pot 793 | Rake 0 
Board [5c 7d 3d Jh Th]
Seat 1: BUTTCHIN0707 collected (793)
Seat 2: falcadecath folded before Flop (didn't bet)
Seat 3: Dacisco1124 (button) folded before Flop (didn't bet)
Seat 4: celcanto (small blind) folded before Flop
Seat 6: scorza23 (big blind) folded before Flop
Seat 7: dar1us69 folded before Flop (didn't bet)
Seat 8: fabricio2204 folded on the River



PokerStars Hand #260359345470: Tournament #3989589709, $0.45+$0.05 USD Hold'em No Limit - Level II (15/30) - 2026/04/05 18:15:01 BRT [2026/04/05 17:15:01 ET]
Table '3989589709 1' 8-max Seat #4 is the button
Seat 1: BUTTCHIN0707 (2049 in chips) 
Seat 2: falcadecath (1721 in chips) 
Seat 3: Dacisco1124 (1412 in chips) is sitting out
Seat 4: celcanto (1381 in chips) 
Seat 6: scorza23 (1545 in chips) 
Seat 7: dar1us69 (1362 in chips) 
Seat 8: fabricio2204 (820 in chips) 
BUTTCHIN0707: posts the ante 4
falcadecath: posts the ante 4
Dacisco1124: posts the ante 4
celcanto: posts the ante 4
scorza23: posts the ante 4
dar1us69: posts the ante 4
fabricio2204: posts the ante 4
scorza23: posts small blind 15
dar1us69: posts big blind 30
*** HOLE CARDS ***
Dealt to scorza23 [Jd 3d]
fabricio2204: raises 103 to 133
BUTTCHIN0707: folds 
falcadecath: folds 
Dacisco1124: folds 
celcanto is connected 
celcanto: folds 
scorza23: folds 
dar1us69: folds 
Uncalled bet (103) returned to fabricio2204
fabricio2204 collected 103 from pot
*** SUMMARY ***
Total pot 103 | Rake 0 
Seat 1: BUTTCHIN0707 folded before Flop (didn't bet)
Seat 2: falcadecath folded before Flop (didn't bet)
Seat 3: Dacisco1124 folded before Flop (didn't bet)
Seat 4: celcanto (button) folded before Flop (didn't bet)
Seat 6: scorza23 (small blind) folded before Flop
Seat 7: dar1us69 (big blind) folded before Flop
Seat 8: fabricio2204 collected (103)



PokerStars Hand #260359353609: Tournament #3989589709, $0.45+$0.05 USD Hold'em No Limit - Level II (15/30) - 2026/04/05 18:15:31 BRT [2026/04/05 17:15:31 ET]
Table '3989589709 1' 8-max Seat #6 is the button
Seat 1: BUTTCHIN0707 (2045 in chips) 
Seat 2: falcadecath (1717 in chips) 
Seat 3: Dacisco1124 (1408 in chips) is sitting out
Seat 4: celcanto (1377 in chips) 
Seat 6: scorza23 (1526 in chips) 
Seat 7: dar1us69 (1328 in chips) 
Seat 8: fabricio2204 (889 in chips) 
BUTTCHIN0707: posts the ante 4
falcadecath: posts the ante 4
Dacisco1124: posts the ante 4
celcanto: posts the ante 4
scorza23: posts the ante 4
dar1us69: posts the ante 4
fabricio2204: posts the ante 4
dar1us69: posts small blind 15
fabricio2204: posts big blind 30
*** HOLE CARDS ***
Dealt to scorza23 [As Jc]
BUTTCHIN0707: folds 
falcadecath: raises 30 to 60
Dacisco1124: folds 
celcanto: calls 60
scorza23: raises 120 to 180
dar1us69: folds 
fabricio2204: folds 
falcadecath: calls 120
celcanto is connected 
celcanto is connected 
celcanto: calls 120
*** FLOP *** [4c 6h Qs]
falcadecath: checks 
celcanto: checks 
scorza23: bets 150
falcadecath: folds 
celcanto: folds 
Uncalled bet (150) returned to scorza23
scorza23 collected 613 from pot
scorza23: doesn't show hand 
*** SUMMARY ***
Total pot 613 | Rake 0 
Board [4c 6h Qs]
Seat 1: BUTTCHIN0707 folded before Flop (didn't bet)
Seat 2: falcadecath folded on the Flop
Seat 3: Dacisco1124 folded before Flop (didn't bet)
Seat 4: celcanto folded on the Flop
Seat 6: scorza23 (button) collected (613)
Seat 7: dar1us69 (small blind) folded before Flop
Seat 8: fabricio2204 (big blind) folded before Flop



PokerStars Hand #260359372982: Tournament #3989589709, $0.45+$0.05 USD Hold'em No Limit - Level II (15/30) - 2026/04/05 18:16:44 BRT [2026/04/05 17:16:44 ET]
Table '3989589709 1' 8-max Seat #7 is the button
Seat 1: BUTTCHIN0707 (2041 in chips) 
Seat 2: falcadecath (1533 in chips) 
Seat 3: Dacisco1124 (1404 in chips) is sitting out
Seat 4: celcanto (1193 in chips) 
Seat 6: scorza23 (1955 in chips) 
Seat 7: dar1us69 (1309 in chips) 
Seat 8: fabricio2204 (855 in chips) 
BUTTCHIN0707: posts the ante 4
falcadecath: posts the ante 4
Dacisco1124: posts the ante 4
celcanto: posts the ante 4
scorza23: posts the ante 4
dar1us69: posts the ante 4
fabricio2204: posts the ante 4
fabricio2204: posts small blind 15
BUTTCHIN0707: posts big blind 30
*** HOLE CARDS ***
Dealt to scorza23 [Ah 8s]
falcadecath: folds 
Dacisco1124: folds 
celcanto: folds 
scorza23: folds 
dar1us69: folds 
fabricio2204: raises 821 to 851 and is all-in
BUTTCHIN0707: folds 
Uncalled bet (821) returned to fabricio2204
fabricio2204 collected 88 from pot
*** SUMMARY ***
Total pot 88 | Rake 0 
Seat 1: BUTTCHIN0707 (big blind) folded before Flop
Seat 2: falcadecath folded before Flop (didn't bet)
Seat 3: Dacisco1124 folded before Flop (didn't bet)
Seat 4: celcanto folded before Flop (didn't bet)
Seat 6: scorza23 folded before Flop (didn't bet)
Seat 7: dar1us69 (button) folded before Flop (didn't bet)
Seat 8: fabricio2204 (small blind) collected (88)



PokerStars Hand #260359379322: Tournament #3989589709, $0.45+$0.05 USD Hold'em No Limit - Level II (15/30) - 2026/04/05 18:17:07 BRT [2026/04/05 17:17:07 ET]
Table '3989589709 1' 8-max Seat #8 is the button
Seat 1: BUTTCHIN0707 (2007 in chips) 
Seat 2: falcadecath (1529 in chips) 
Seat 3: Dacisco1124 (1400 in chips) is sitting out
Seat 4: celcanto (1189 in chips) 
Seat 6: scorza23 (1951 in chips) 
Seat 7: dar1us69 (1305 in chips) 
Seat 8: fabricio2204 (909 in chips) 
BUTTCHIN0707: posts the ante 4
falcadecath: posts the ante 4
Dacisco1124: posts the ante 4
celcanto: posts the ante 4
scorza23: posts the ante 4
dar1us69: posts the ante 4
fabricio2204: posts the ante 4
BUTTCHIN0707: posts small blind 15
falcadecath: posts big blind 30
*** HOLE CARDS ***
Dealt to scorza23 [7h Tc]
Dacisco1124: folds 
celcanto: folds 
scorza23: folds 
dar1us69: folds 
fabricio2204: raises 875 to 905 and is all-in
BUTTCHIN0707: folds 
falcadecath: calls 875
*** FLOP *** [Ac 3h 5h]
*** TURN *** [Ac 3h 5h] [9s]
*** RIVER *** [Ac 3h 5h 9s] [5c]
*** SHOW DOWN ***
falcadecath: shows [Js Jc] (two pair, Jacks and Fives)
fabricio2204: shows [As 9c] (two pair, Aces and Nines)
fabricio2204 collected 1853 from pot
*** SUMMARY ***
Total pot 1853 | Rake 0 
Board [Ac 3h 5h 9s 5c]
Seat 1: BUTTCHIN0707 (small blind) folded before Flop
Seat 2: falcadecath (big blind) showed [Js Jc] and lost with two pair, Jacks and Fives
Seat 3: Dacisco1124 folded before Flop (didn't bet)
Seat 4: celcanto folded before Flop (didn't bet)
Seat 6: scorza23 folded before Flop (didn't bet)
Seat 7: dar1us69 folded before Flop (didn't bet)
Seat 8: fabricio2204 (button) showed [As 9c] and won (1853) with two pair, Aces and Nines



PokerStars Hand #260359387684: Tournament #3989589709, $0.45+$0.05 USD Hold'em No Limit - Level II (15/30) - 2026/04/05 18:17:39 BRT [2026/04/05 17:17:39 ET]
Table '3989589709 1' 8-max Seat #1 is the button
Seat 1: BUTTCHIN0707 (1988 in chips) 
Seat 2: falcadecath (620 in chips) 
Seat 3: Dacisco1124 (1396 in chips) is sitting out
Seat 4: celcanto (1185 in chips) 
Seat 6: scorza23 (1947 in chips) 
Seat 7: dar1us69 (1301 in chips) 
Seat 8: fabricio2204 (1853 in chips) 
BUTTCHIN0707: posts the ante 4
falcadecath: posts the ante 4
Dacisco1124: posts the ante 4
celcanto: posts the ante 4
scorza23: posts the ante 4
dar1us69: posts the ante 4
fabricio2204: posts the ante 4
falcadecath: posts small blind 15
Dacisco1124: posts big blind 30
*** HOLE CARDS ***
Dealt to scorza23 [5h 2h]
celcanto: folds 
scorza23: folds 
dar1us69: raises 45 to 75
fabricio2204: folds 
BUTTCHIN0707: folds 
falcadecath: raises 541 to 616 and is all-in
Dacisco1124: folds 
dar1us69: folds 
Uncalled bet (541) returned to falcadecath
falcadecath collected 208 from pot
falcadecath: doesn't show hand 
*** SUMMARY ***
Total pot 208 | Rake 0 
Seat 1: BUTTCHIN0707 (button) folded before Flop (didn't bet)
Seat 2: falcadecath (small blind) collected (208)
Seat 3: Dacisco1124 (big blind) folded before Flop
Seat 4: celcanto folded before Flop (didn't bet)
Seat 6: scorza23 folded before Flop (didn't bet)
Seat 7: dar1us69 folded before Flop
Seat 8: fabricio2204 folded before Flop (didn't bet)



PokerStars Hand #260359395518: Tournament #3989589709, $0.45+$0.05 USD Hold'em No Limit - Level II (15/30) - 2026/04/05 18:18:08 BRT [2026/04/05 17:18:08 ET]
Table '3989589709 1' 8-max Seat #2 is the button
Seat 1: BUTTCHIN0707 (1984 in chips) 
Seat 2: falcadecath (749 in chips) 
Seat 3: Dacisco1124 (1362 in chips) is sitting out
Seat 4: celcanto (1181 in chips) 
Seat 6: scorza23 (1943 in chips) 
Seat 7: dar1us69 (1222 in chips) 
Seat 8: fabricio2204 (1849 in chips) 
BUTTCHIN0707: posts the ante 4
falcadecath: posts the ante 4
Dacisco1124: posts the ante 4
celcanto: posts the ante 4
scorza23: posts the ante 4
dar1us69: posts the ante 4
fabricio2204: posts the ante 4
Dacisco1124: posts small blind 15
celcanto: posts big blind 30
*** HOLE CARDS ***
Dealt to scorza23 [5h 5d]
scorza23: raises 60 to 90
dar1us69: folds 
fabricio2204: folds 
BUTTCHIN0707: folds 
falcadecath: raises 655 to 745 and is all-in
Dacisco1124: folds 
celcanto: raises 432 to 1177 and is all-in
scorza23: folds 
Uncalled bet (432) returned to celcanto
*** FLOP *** [4h Td 7s]
*** TURN *** [4h Td 7s] [Ah]
*** RIVER *** [4h Td 7s Ah] [Jd]
*** SHOW DOWN ***
celcanto: shows [Qc Kc] (a straight, Ten to Ace)
falcadecath: shows [2d 2c] (a pair of Deuces)
celcanto collected 1623 from pot
falcadecath finished the tournament in 27th place
*** SUMMARY ***
Total pot 1623 | Rake 0 
Board [4h Td 7s Ah Jd]
Seat 1: BUTTCHIN0707 folded before Flop (didn't bet)
Seat 2: falcadecath (button) showed [2d 2c] and lost with a pair of Deuces
Seat 3: Dacisco1124 (small blind) folded before Flop
Seat 4: celcanto (big blind) showed [Qc Kc] and won (1623) with a straight, Ten to Ace
Seat 6: scorza23 folded before Flop
Seat 7: dar1us69 folded before Flop (didn't bet)
Seat 8: fabricio2204 folded before Flop (didn't bet)



PokerStars Hand #260359404809: Tournament #3989589709, $0.45+$0.05 USD Hold'em No Limit - Level II (15/30) - 2026/04/05 18:18:43 BRT [2026/04/05 17:18:43 ET]
Table '3989589709 1' 8-max Seat #3 is the button
Seat 1: BUTTCHIN0707 (1980 in chips) 
Seat 3: Dacisco1124 (1343 in chips) is sitting out
Seat 4: celcanto (2055 in chips) 
Seat 6: scorza23 (1849 in chips) 
Seat 7: dar1us69 (1218 in chips) 
Seat 8: fabricio2204 (1845 in chips) 
BUTTCHIN0707: posts the ante 4
Dacisco1124: posts the ante 4
celcanto: posts the ante 4
scorza23: posts the ante 4
dar1us69: posts the ante 4
fabricio2204: posts the ante 4
celcanto: posts small blind 15
scorza23: posts big blind 30
*** HOLE CARDS ***
Dealt to scorza23 [8d 4d]
dar1us69: folds 
fabricio2204: calls 30
BUTTCHIN0707: folds 
Dacisco1124: folds 
celcanto: calls 15
scorza23: checks 
*** FLOP *** [Th Ac Kd]
celcanto: checks 
scorza23: checks 
fabricio2204: bets 57
celcanto: folds 
scorza23: folds 
Uncalled bet (57) returned to fabricio2204
fabricio2204 collected 114 from pot
*** SUMMARY ***
Total pot 114 | Rake 0 
Board [Th Ac Kd]
Seat 1: BUTTCHIN0707 folded before Flop (didn't bet)
Seat 3: Dacisco1124 (button) folded before Flop (didn't bet)
Seat 4: celcanto (small blind) folded on the Flop
Seat 6: scorza23 (big blind) folded on the Flop
Seat 7: dar1us69 folded before Flop (didn't bet)
Seat 8: fabricio2204 collected (114)



PokerStars Hand #260359412882: Tournament #3989589709, $0.45+$0.05 USD Hold'em No Limit - Level III (25/50) - 2026/04/05 18:19:13 BRT [2026/04/05 17:19:13 ET]
Table '3989589709 1' 8-max Seat #4 is the button
Seat 1: BUTTCHIN0707 (1976 in chips) 
Seat 3: Dacisco1124 (1339 in chips) is sitting out
Seat 4: celcanto (2021 in chips) 
Seat 6: scorza23 (1815 in chips) 
Seat 7: dar1us69 (1214 in chips) 
Seat 8: fabricio2204 (1925 in chips) 
BUTTCHIN0707: posts the ante 6
Dacisco1124: posts the ante 6
celcanto: posts the ante 6
scorza23: posts the ante 6
dar1us69: posts the ante 6
fabricio2204: posts the ante 6
scorza23: posts small blind 25
dar1us69: posts big blind 50
*** HOLE CARDS ***
Dealt to scorza23 [6h 6s]
fabricio2204: calls 50
BUTTCHIN0707: folds 
Dacisco1124: folds 
celcanto: folds 
scorza23: raises 50 to 100
dar1us69: folds 
fabricio2204: calls 50
*** FLOP *** [Jc 9s 2c]
Taby433 is disconnected 
scorza23: checks 
fabricio2204: checks 
*** TURN *** [Jc 9s 2c] [Qs]
scorza23: checks 
fabricio2204: checks 
*** RIVER *** [Jc 9s 2c Qs] [8h]
scorza23: bets 150
fabricio2204: folds 
Uncalled bet (150) returned to scorza23
scorza23 collected 286 from pot
scorza23: doesn't show hand 
*** SUMMARY ***
Total pot 286 | Rake 0 
Board [Jc 9s 2c Qs 8h]
Seat 1: BUTTCHIN0707 folded before Flop (didn't bet)
Seat 3: Dacisco1124 folded before Flop (didn't bet)
Seat 4: celcanto (button) folded before Flop (didn't bet)
Seat 6: scorza23 (small blind) collected (286)
Seat 7: dar1us69 (big blind) folded before Flop
Seat 8: fabricio2204 folded on the River



PokerStars Hand #260359426906: Tournament #3989589709, $0.45+$0.05 USD Hold'em No Limit - Level III (25/50) - 2026/04/05 18:20:05 BRT [2026/04/05 17:20:05 ET]
Table '3989589709 1' 8-max Seat #6 is the button
Seat 1: BUTTCHIN0707 (1970 in chips) 
Seat 2: mike4ofi4 (3203 in chips) 
Seat 3: Dacisco1124 (1333 in chips) is sitting out
Seat 4: celcanto (2015 in chips) 
Seat 5: Taby433 (4724 in chips) 
Seat 6: scorza23 (1995 in chips) 
Seat 7: dar1us69 (1158 in chips) 
Seat 8: fabricio2204 (1819 in chips) 
BUTTCHIN0707: posts the ante 6
mike4ofi4: posts the ante 6
Dacisco1124: posts the ante 6
celcanto: posts the ante 6
Taby433: posts the ante 6
scorza23: posts the ante 6
dar1us69: posts the ante 6
fabricio2204: posts the ante 6
dar1us69: posts small blind 25
fabricio2204: posts big blind 50
*** HOLE CARDS ***
Dealt to scorza23 [7h As]
BUTTCHIN0707: folds 
mike4ofi4: calls 50
Dacisco1124: folds 
celcanto: folds 
Taby433: folds 
scorza23: raises 50 to 100
dar1us69: folds 
fabricio2204: calls 50
mike4ofi4: calls 50
*** FLOP *** [5h 3h 9h]
fabricio2204: checks 
mike4ofi4: checks 
scorza23: checks 
*** TURN *** [5h 3h 9h] [9c]
fabricio2204: checks 
mike4ofi4: bets 137
scorza23: folds 
fabricio2204: folds 
Uncalled bet (137) returned to mike4ofi4
mike4ofi4 collected 373 from pot
*** SUMMARY ***
Total pot 373 | Rake 0 
Board [5h 3h 9h 9c]
Seat 1: BUTTCHIN0707 folded before Flop (didn't bet)
Seat 2: mike4ofi4 collected (373)
Seat 3: Dacisco1124 folded before Flop (didn't bet)
Seat 4: celcanto folded before Flop (didn't bet)
Seat 5: Taby433 folded before Flop (didn't bet)
Seat 6: scorza23 (button) folded on the Turn
Seat 7: dar1us69 (small blind) folded before Flop
Seat 8: fabricio2204 (big blind) folded on the Turn



PokerStars Hand #260359442363: Tournament #3989589709, $0.45+$0.05 USD Hold'em No Limit - Level III (25/50) - 2026/04/05 18:21:03 BRT [2026/04/05 17:21:03 ET]
Table '3989589709 1' 8-max Seat #7 is the button
Seat 1: BUTTCHIN0707 (1964 in chips) 
Seat 2: mike4ofi4 (3470 in chips) 
Seat 3: Dacisco1124 (1327 in chips) is sitting out
Seat 4: celcanto (2009 in chips) 
Seat 5: Taby433 (4718 in chips) 
Seat 6: scorza23 (1889 in chips) 
Seat 7: dar1us69 (1127 in chips) 
Seat 8: fabricio2204 (1713 in chips) 
BUTTCHIN0707: posts the ante 6
mike4ofi4: posts the ante 6
Dacisco1124: posts the ante 6
celcanto: posts the ante 6
Taby433: posts the ante 6
scorza23: posts the ante 6
dar1us69: posts the ante 6
fabricio2204: posts the ante 6
fabricio2204: posts small blind 25
BUTTCHIN0707: posts big blind 50
*** HOLE CARDS ***
Dealt to scorza23 [3d 9d]
mike4ofi4: calls 50
Dacisco1124: folds 
celcanto is connected 
celcanto is connected 
celcanto: raises 50 to 100
Taby433: folds 
scorza23: folds 
dar1us69: folds 
fabricio2204: folds 
BUTTCHIN0707: folds 
mike4ofi4: calls 50
*** FLOP *** [Kd 9c Tc]
mike4ofi4: checks 
celcanto: bets 162
mike4ofi4: folds 
Uncalled bet (162) returned to celcanto
celcanto collected 323 from pot
celcanto: doesn't show hand 
*** SUMMARY ***
Total pot 323 | Rake 0 
Board [Kd 9c Tc]
Seat 1: BUTTCHIN0707 (big blind) folded before Flop
Seat 2: mike4ofi4 folded on the Flop
Seat 3: Dacisco1124 folded before Flop (didn't bet)
Seat 4: celcanto collected (323)
Seat 5: Taby433 folded before Flop (didn't bet)
Seat 6: scorza23 folded before Flop (didn't bet)
Seat 7: dar1us69 (button) folded before Flop (didn't bet)
Seat 8: fabricio2204 (small blind) folded before Flop



PokerStars Hand #260359456037: Tournament #3989589709, $0.45+$0.05 USD Hold'em No Limit - Level III (25/50) - 2026/04/05 18:21:54 BRT [2026/04/05 17:21:54 ET]
Table '3989589709 1' 8-max Seat #8 is the button
Seat 1: BUTTCHIN0707 (1908 in chips) 
Seat 2: mike4ofi4 (3364 in chips) 
Seat 3: Dacisco1124 (1321 in chips) is sitting out
Seat 4: celcanto (2226 in chips) 
Seat 5: Taby433 (4712 in chips) 
Seat 6: scorza23 (1883 in chips) 
Seat 7: dar1us69 (1121 in chips) 
Seat 8: fabricio2204 (1682 in chips) 
BUTTCHIN0707: posts the ante 6
mike4ofi4: posts the ante 6
Dacisco1124: posts the ante 6
celcanto: posts the ante 6
Taby433: posts the ante 6
scorza23: posts the ante 6
dar1us69: posts the ante 6
fabricio2204: posts the ante 6
BUTTCHIN0707: posts small blind 25
mike4ofi4: posts big blind 50
*** HOLE CARDS ***
Dealt to scorza23 [Js 7h]
Dacisco1124: folds 
celcanto: folds 
Taby433: calls 50
scorza23: folds 
dar1us69: raises 75 to 125
fabricio2204: folds 
BUTTCHIN0707: calls 100
mike4ofi4: folds 
Taby433: calls 75
*** FLOP *** [8h 2d Qc]
BUTTCHIN0707: checks 
Taby433: checks 
dar1us69: checks 
*** TURN *** [8h 2d Qc] [Ks]
BUTTCHIN0707: checks 
Taby433: checks 
dar1us69: checks 
*** RIVER *** [8h 2d Qc Ks] [2h]
BUTTCHIN0707: bets 227
Taby433: raises 2073 to 2300
dar1us69: folds 
BUTTCHIN0707: folds 
Uncalled bet (2073) returned to Taby433
Taby433 collected 927 from pot
Taby433: doesn't show hand 
*** SUMMARY ***
Total pot 927 | Rake 0 
Board [8h 2d Qc Ks 2h]
Seat 1: BUTTCHIN0707 (small blind) folded on the River
Seat 2: mike4ofi4 (big blind) folded before Flop
Seat 3: Dacisco1124 folded before Flop (didn't bet)
Seat 4: celcanto folded before Flop (didn't bet)
Seat 5: Taby433 collected (927)
Seat 6: scorza23 folded before Flop (didn't bet)
Seat 7: dar1us69 folded on the River
Seat 8: fabricio2204 (button) folded before Flop (didn't bet)



PokerStars Hand #260359488211: Tournament #3989589709, $0.45+$0.05 USD Hold'em No Limit - Level III (25/50) - 2026/04/05 18:23:54 BRT [2026/04/05 17:23:54 ET]
Table '3989589709 1' 8-max Seat #1 is the button
Seat 1: BUTTCHIN0707 (1550 in chips) 
Seat 2: mike4ofi4 (3308 in chips) 
Seat 3: Dacisco1124 (1315 in chips) is sitting out
Seat 5: Taby433 (5281 in chips) 
Seat 6: scorza23 (1877 in chips) 
Seat 7: dar1us69 (990 in chips) 
Seat 8: fabricio2204 (1676 in chips) 
BUTTCHIN0707: posts the ante 6
mike4ofi4: posts the ante 6
Dacisco1124: posts the ante 6
Taby433: posts the ante 6
scorza23: posts the ante 6
dar1us69: posts the ante 6
fabricio2204: posts the ante 6
mike4ofi4: posts small blind 25
Dacisco1124: posts big blind 50
*** HOLE CARDS ***
Dealt to scorza23 [7h 5s]
Taby433: folds 
scorza23: folds 
dar1us69: raises 75 to 125
fabricio2204: calls 125
BUTTCHIN0707: folds 
mike4ofi4: calls 100
Dacisco1124: folds 
*** FLOP *** [Ks Jh 4h]
mike4ofi4: checks 
dar1us69: checks 
fabricio2204: bets 234
mike4ofi4: folds 
dar1us69: folds 
Uncalled bet (234) returned to fabricio2204
fabricio2204 collected 467 from pot
*** SUMMARY ***
Total pot 467 | Rake 0 
Board [Ks Jh 4h]
Seat 1: BUTTCHIN0707 (button) folded before Flop (didn't bet)
Seat 2: mike4ofi4 (small blind) folded on the Flop
Seat 3: Dacisco1124 (big blind) folded before Flop
Seat 5: Taby433 folded before Flop (didn't bet)
Seat 6: scorza23 folded before Flop (didn't bet)
Seat 7: dar1us69 folded on the Flop
Seat 8: fabricio2204 collected (467)



PokerStars Hand #260359501244: Tournament #3989589709, $0.45+$0.05 USD Hold'em No Limit - Level IV (40/80) - 2026/04/05 18:24:43 BRT [2026/04/05 17:24:43 ET]
Table '3989589709 1' 8-max Seat #2 is the button
Seat 1: BUTTCHIN0707 (1544 in chips) 
Seat 2: mike4ofi4 (3177 in chips) 
Seat 3: Dacisco1124 (1259 in chips) is sitting out
Seat 5: Taby433 (5275 in chips) 
Seat 6: scorza23 (1871 in chips) 
Seat 7: dar1us69 (859 in chips) 
Seat 8: fabricio2204 (2012 in chips) 
BUTTCHIN0707: posts the ante 10
mike4ofi4: posts the ante 10
Dacisco1124: posts the ante 10
Taby433: posts the ante 10
scorza23: posts the ante 10
dar1us69: posts the ante 10
fabricio2204: posts the ante 10
Dacisco1124: posts small blind 40
Taby433: posts big blind 80
*** HOLE CARDS ***
Dealt to scorza23 [2h Kh]
scorza23: folds 
dar1us69: folds 
fabricio2204: folds 
BUTTCHIN0707: raises 120 to 200
mike4ofi4: folds 
Dacisco1124: folds 
Taby433: calls 120
*** FLOP *** [Jd Ac Js]
Taby433: checks 
BUTTCHIN0707: bets 245
Taby433: calls 245
*** TURN *** [Jd Ac Js] [Qs]
Taby433: checks 
BUTTCHIN0707: checks 
*** RIVER *** [Jd Ac Js Qs] [6c]
Taby433: checks 
BUTTCHIN0707: bets 320
Taby433: calls 320
*** SHOW DOWN ***
BUTTCHIN0707: shows [As 6h] (two pair, Aces and Jacks)
Taby433: mucks hand 
BUTTCHIN0707 collected 1640 from pot
*** SUMMARY ***
Total pot 1640 | Rake 0 
Board [Jd Ac Js Qs 6c]
Seat 1: BUTTCHIN0707 showed [As 6h] and won (1640) with two pair, Aces and Jacks
Seat 2: mike4ofi4 (button) folded before Flop (didn't bet)
Seat 3: Dacisco1124 (small blind) folded before Flop
Seat 5: Taby433 (big blind) mucked [Qc Kd]
Seat 6: scorza23 folded before Flop (didn't bet)
Seat 7: dar1us69 folded before Flop (didn't bet)
Seat 8: fabricio2204 folded before Flop (didn't bet)



PokerStars Hand #260359515022: Tournament #3989589709, $0.45+$0.05 USD Hold'em No Limit - Level IV (40/80) - 2026/04/05 18:25:35 BRT [2026/04/05 17:25:35 ET]
Table '3989589709 1' 8-max Seat #3 is the button
Seat 1: BUTTCHIN0707 (2409 in chips) 
Seat 2: mike4ofi4 (3167 in chips) 
Seat 3: Dacisco1124 (1209 in chips) is sitting out
Seat 5: Taby433 (4500 in chips) 
Seat 6: scorza23 (1861 in chips) 
Seat 7: dar1us69 (849 in chips) 
Seat 8: fabricio2204 (2002 in chips) 
BUTTCHIN0707: posts the ante 10
mike4ofi4: posts the ante 10
Dacisco1124: posts the ante 10
Taby433: posts the ante 10
scorza23: posts the ante 10
dar1us69: posts the ante 10
fabricio2204: posts the ante 10
Taby433: posts small blind 40
scorza23: posts big blind 80
*** HOLE CARDS ***
Dealt to scorza23 [6h 4d]
dar1us69: folds 
fabricio2204: folds 
BUTTCHIN0707: folds 
mike4ofi4: folds 
Dacisco1124: folds 
Taby433: calls 40
scorza23: checks 
*** FLOP *** [5c Qc Ad]
Taby433: checks 
scorza23: bets 240
Taby433: calls 240
*** TURN *** [5c Qc Ad] [Ks]
Taby433: checks 
scorza23: checks 
*** RIVER *** [5c Qc Ad Ks] [6s]
Taby433: bets 400
scorza23: raises 1131 to 1531 and is all-in
Taby433: calls 1131
*** SHOW DOWN ***
scorza23: shows [6h 4d] (a pair of Sixes)
Taby433: shows [9c Ac] (a pair of Aces)
Taby433 collected 3772 from pot
scorza23 finished the tournament in 21st place
*** SUMMARY ***
Total pot 3772 | Rake 0 
Board [5c Qc Ad Ks 6s]
Seat 1: BUTTCHIN0707 folded before Flop (didn't bet)
Seat 2: mike4ofi4 folded before Flop (didn't bet)
Seat 3: Dacisco1124 (button) folded before Flop (didn't bet)
Seat 5: Taby433 (small blind) showed [9c Ac] and won (3772) with a pair of Aces
Seat 6: scorza23 (big blind) showed [6h 4d] and lost with a pair of Sixes
Seat 7: dar1us69 folded before Flop (didn't bet)
Seat 8: fabricio2204 folded before Flop (didn't bet)



